<record><leader>00000cas a2200000 a 4500</leader><controlfield tag="001">11074275</controlfield><controlfield tag="008">840821d18481887inuwr ne      0    0eng c</controlfield><datafield ind1=" " ind2=" " tag="010"><subfield code="a">sn 84027390 </subfield></datafield><datafield ind1=" " ind2=" " tag="040"><subfield code="a">NPU</subfield><subfield code="b">eng</subfield><subfield code="c">NPU</subfield><subfield code="d">NPX</subfield><subfield code="d">NPU</subfield><subfield code="d">NPX</subfield><subfield code="d">NPI</subfield><subfield code="d">YOX</subfield><subfield code="d">NVF</subfield><subfield code="d">NPI</subfield><subfield code="d">KRTAS</subfield><subfield code="d">OCLCQ</subfield><subfield code="d">P4I</subfield><subfield code="d">OCLCF</subfield><subfield code="d">OCLCO</subfield><subfield code="d">IUL</subfield><subfield code="d">OCL</subfield></datafield><datafield ind1=" " ind2=" " tag="042"><subfield code="a">pcc</subfield></datafield><datafield ind1=" " ind2=" " tag="043"><subfield code="a">n-us-in</subfield></datafield><datafield ind1="0" ind2=" " tag="130"><subfield code="a">Indiana herald (Huntington, Ind.)</subfield></datafield><datafield ind1="1" ind2="4" tag="245"><subfield code="a">The Indiana herald.</subfield></datafield><datafield ind1=" " ind2=" " tag="260"><subfield code="a">Huntington, Ia. [i.e. Ind.] :</subfield><subfield code="b">I. &amp; A.W. D'Long,</subfield><subfield code="c">1848-1887.</subfield></datafield><datafield ind1=" " ind2=" " tag="300"><subfield code="a">39 v. ;</subfield><subfield code="c">60-72 cm.</subfield></datafield><datafield ind1=" " ind2=" " tag="310"><subfield code="a">Weekly</subfield></datafield><datafield ind1="0" ind2=" " tag="362"><subfield code="a">Vol. 1, no. 1 (July 5, 1848)-vol. 39, no. 33 (April 27, 1887).</subfield></datafield><datafield ind1=" " ind2=" " tag="580"><subfield code="a">Began a daily ed. in 1882.</subfield></datafield><datafield ind1=" " ind2="0" tag="651"><subfield code="a">Huntington (Ind.)</subfield><subfield code="v">Newspapers.</subfield></datafield><datafield ind1=" " ind2="0" tag="651"><subfield code="a">Huntington County (Ind.)</subfield><subfield code="v">Newspapers.</subfield></datafield><datafield ind1=" " ind2="7" tag="651"><subfield code="a">Indiana</subfield><subfield code="z">Huntington County.</subfield><subfield code="2">fast</subfield><subfield code="0">(OCoLC)fst01221015</subfield></datafield><datafield ind1=" " ind2="7" tag="651"><subfield code="a">Indiana</subfield><subfield code="z">Huntington.</subfield><subfield code="2">fast</subfield><subfield code="0">(OCoLC)fst01213857</subfield></datafield><datafield ind1=" " ind2="7" tag="655"><subfield code="a">Newspapers.</subfield><subfield code="2">fast</subfield><subfield code="0">(OCoLC)fst01423814</subfield></datafield><datafield ind1=" " ind2=" " tag="752"><subfield code="a">United States</subfield><subfield code="b">Indiana</subfield><subfield code="c">Huntington</subfield><subfield code="d">Huntington.</subfield></datafield><datafield ind1="0" ind2="7" tag="785"><subfield code="t">News-express</subfield><subfield code="w">(DLC)sn 86058799</subfield><subfield code="w">(OCoLC)14511260</subfield></datafield><datafield ind1="0" ind2="7" tag="785"><subfield code="t">Huntington weekly herald (Huntington, Ind.)</subfield><subfield code="w">(DLC)sn 86058930</subfield><subfield code="w">(OCoLC)14701652</subfield></datafield><datafield ind1="4" ind2="1" tag="856"><subfield code="u">https://access.newspaperarchive.com/us/indiana/huntington/huntington-indiana-herald/</subfield></datafield><datafield ind1=" " ind2=" " tag="938"><subfield code="a">Kirtas Technologies, Inc.</subfield><subfield code="b">KRTS</subfield><subfield code="n">738732</subfield></datafield></record>